<record><leader>00000cas a2200000 a 4500</leader><controlfield tag="001">13846132</controlfield><controlfield tag="008">860710d18831931nyudr ne      0    0eng  </controlfield><datafield ind1=" " ind2=" " tag="010"><subfield code="a">sn 86071683 </subfield></datafield><datafield ind1=" " ind2=" " tag="040"><subfield code="a">DLC</subfield><subfield code="b">eng</subfield><subfield code="c">DLC</subfield><subfield code="d">NPA</subfield><subfield code="d">DLC</subfield><subfield code="d">NYS</subfield><subfield code="d">NJW</subfield><subfield code="d">NYS</subfield><subfield code="d">DLC</subfield><subfield code="d">ANU</subfield><subfield code="d">KNP</subfield><subfield code="d">NVF</subfield><subfield code="d">NYS</subfield><subfield code="d">MGN</subfield><subfield code="d">CNK</subfield><subfield code="d">NVF</subfield><subfield code="d">NVK</subfield><subfield code="d">NVF</subfield><subfield code="d">DLC</subfield><subfield code="d">CRL</subfield><subfield code="d">NYS</subfield><subfield code="d">DLC</subfield><subfield code="d">NYS</subfield><subfield code="d">OCLCG</subfield><subfield code="d">KRTAS</subfield><subfield code="d">CRL</subfield><subfield code="d">OCLCO</subfield><subfield code="d">OCLCQ</subfield><subfield code="d">OCLCF</subfield><subfield code="d">OCLCO</subfield></datafield><datafield ind1="1" ind2=" " tag="029"><subfield code="a">AU@</subfield><subfield code="b">000022104951</subfield></datafield><datafield ind1=" " ind2=" " tag="042"><subfield code="a">pcc</subfield></datafield><datafield ind1=" " ind2=" " tag="043"><subfield code="a">n-us-ny</subfield></datafield><datafield ind1="0" ind2="0" tag="050"><subfield code="a">Newspaper</subfield></datafield><datafield ind1="0" ind2=" " tag="130"><subfield code="a">World (New York, N.Y. : 1883 : Daily)</subfield></datafield><datafield ind1="1" ind2="4" tag="245"><subfield code="a">The world.</subfield></datafield><datafield ind1="1" ind2=" " tag="246"><subfield code="i">Due to strike, published jointly with other newspapers as:</subfield><subfield code="a">Combined New York morning newspapers</subfield><subfield code="f">Sept. 19-26, 1923</subfield></datafield><datafield ind1="3" ind2=" " tag="246"><subfield code="a">Combined New York Sunday newspapers</subfield></datafield><datafield ind1=" " ind2=" " tag="260"><subfield code="a">New York [N.Y.] :</subfield><subfield code="b">Joseph Pulitzer,</subfield><subfield code="c">[1883-1931]</subfield></datafield><datafield ind1=" " ind2=" " tag="300"><subfield code="a">48 v. :</subfield><subfield code="b">ill.</subfield></datafield><datafield ind1=" " ind2=" " tag="310"><subfield code="a">Daily</subfield></datafield><datafield ind1="0" ind2=" " tag="362"><subfield code="a">Vol. 23, no. 7934 (May 11, 1883)-v. 71, no. 25392 (Feb. 27, 1931).</subfield></datafield><datafield ind1=" " ind2=" " tag="500"><subfield code="a">Published a special Chicago edition, May 2, 1893, to commemorate the World's Columbian Exposition.</subfield></datafield><datafield ind1=" " ind2=" " tag="500"><subfield code="a">Special "Time-saver edition" to mark the new century, published Jan. 1, 1901; Special Hudson-Fulton Celebration issue published Sept. 25, 1909.</subfield></datafield><datafield ind1=" " ind2=" " tag="515"><subfield code="a">Published in morning and evening eds., &lt;June 21, 1893-Apr. 30, 1903&gt;</subfield></datafield><datafield ind1=" " ind2=" " tag="530"><subfield code="a">Also issued on microfilm from the New York Public Library, and UMI.</subfield></datafield><datafield ind1=" " ind2=" " tag="580"><subfield code="a">Other daily eds.: World (New York, N.Y. : Brooklyn ed.), &lt;1888-1903&gt;; World (New York, N.Y. : New Jersey ed.), &lt;1886-1901&gt;; Evening world (New York, N.Y. : 1887), 1887- ; Evening world (New York, N.Y. : 1914), &lt;Mar. 16, 1914&gt;-Feb. 26, 1931.</subfield></datafield><datafield ind1=" " ind2=" " tag="580"><subfield code="a">Weekly eds.: World (New York, N.Y. : 1860 : Weekly), 1883-&lt;1893&gt;; New York world (New York, N.Y. : 1893 : Weekly), &lt;May 3, 1893-1923&gt;</subfield></datafield><datafield ind1=" " ind2=" " tag="580"><subfield code="a">Semiweekly eds.: World (New York, N.Y. : 1883 : Semiweekly), 1883-1893, and: New York world (New York, N.Y. : 1893 : Semiweekly), 1893-1924.</subfield></datafield><datafield ind1=" " ind2=" " tag="580"><subfield code="a">Monthly ed.: New York world (New York, N.Y. : 1893 : Monthly), 1893-&lt;1894&gt;.</subfield></datafield><datafield ind1=" " ind2=" " tag="580"><subfield code="a">Merged with: Evening world (New York, N.Y.), and: New York telegram, to form: Evening world, the world, the New York telegram.</subfield></datafield><datafield ind1=" " ind2="0" tag="651"><subfield code="a">New York (N.Y.)</subfield><subfield code="v">Newspapers.</subfield></datafield><datafield ind1=" " ind2="0" tag="651"><subfield code="a">New York County (N.Y.)</subfield><subfield code="v">Newspapers.</subfield></datafield><datafield ind1=" " ind2="7" tag="655"><subfield code="a">Newspapers.</subfield><subfield code="2">fast</subfield><subfield code="0">(OCoLC)fst01423814</subfield></datafield><datafield ind1=" " ind2="7" tag="651"><subfield code="a">New York (State)</subfield><subfield code="z">New York.</subfield><subfield code="2">fast</subfield><subfield code="0">(OCoLC)fst01204333</subfield></datafield><datafield ind1=" " ind2="7" tag="651"><subfield code="a">New York (State)</subfield><subfield code="z">New York County.</subfield><subfield code="2">fast</subfield><subfield code="0">(OCoLC)fst01234953</subfield></datafield><datafield ind1="1" ind2=" " tag="700"><subfield code="a">Pulitzer, Joseph,</subfield><subfield code="d">1847-1911.</subfield></datafield><datafield ind1=" " ind2=" " tag="752"><subfield code="a">United States</subfield><subfield code="b">New York</subfield><subfield code="c">New York</subfield><subfield code="d">New York.</subfield></datafield><datafield ind1="1" ind2=" " tag="775"><subfield code="t">Evening world (New York, N.Y. : 1887)</subfield><subfield code="w">(DLC)sn 83030193</subfield><subfield code="w">(OCoLC)9368601</subfield></datafield><datafield ind1="1" ind2=" " tag="775"><subfield code="t">Evening world (New York, N.Y. : 1914)</subfield><subfield code="w">(DLC)sn 98021552</subfield><subfield code="w">(OCoLC)39780665</subfield></datafield><datafield ind1="1" ind2=" " tag="775"><subfield code="t">World (New York, N.Y. : 1883 : Semiweekly)</subfield><subfield code="w">(DLC)sn 84045537</subfield><subfield code="w">(OCoLC)11509492</subfield></datafield><datafield ind1="1" ind2=" " tag="775"><subfield code="t">New York world (New York, N.Y. : 1893 : Semiweekly)</subfield><subfield code="w">(DLC)sn 86079138</subfield><subfield code="w">(OCoLC)13486042</subfield></datafield><datafield ind1="1" ind2=" " tag="775"><subfield code="t">New York world (New York, N.Y. : 1893 : Monthly)</subfield><subfield code="w">(DLC)sn 93062964</subfield><subfield code="w">(OCoLC)28564369</subfield></datafield><datafield ind1="1" ind2=" " tag="775"><subfield code="t">World (New York, N.Y. : 1860 : Weekly)</subfield><subfield code="w">(DLC)sn 83030181</subfield><subfield code="w">(OCoLC)9365473</subfield></datafield><datafield ind1="1" ind2=" " tag="775"><subfield code="t">New York world (New York, N.Y. : 1893 : Weekly)</subfield><subfield code="w">(DLC)sn 86077075</subfield><subfield code="w">(OCoLC)13999105</subfield></datafield><datafield ind1="1" ind2=" " tag="775"><subfield code="t">World (New York, N.Y. : Brooklyn ed.)</subfield><subfield code="w">(DLC)sn 92061713</subfield><subfield code="w">(OCoLC)26206432</subfield></datafield><datafield ind1="1" ind2=" " tag="775"><subfield code="t">World (New York, N.Y. : New Jersey ed.)</subfield><subfield code="w">(DLC)sn 86077071</subfield><subfield code="w">(OCoLC)13919315</subfield></datafield><datafield ind1="0" ind2="8" tag="776"><subfield code="i">Online version:</subfield><subfield code="t">World (New York, N.Y. : 1883 : Daily)</subfield><subfield code="w">(OCoLC)786284482</subfield></datafield><datafield ind1="0" ind2="0" tag="780"><subfield code="t">New York world (New York, N.Y. : 1881 : Daily)</subfield><subfield code="w">(DLC)sn 86079140</subfield><subfield code="w">(OCoLC)13510280</subfield></datafield><datafield ind1="1" ind2="7" tag="785"><subfield code="t">Evening world (New York, N.Y. : 1914)</subfield><subfield code="w">(DLC)sn 98021552</subfield><subfield code="w">(OCoLC)39780665</subfield></datafield><datafield ind1="1" ind2="7" tag="785"><subfield code="t">New York telegram</subfield><subfield code="w">(DLC)sn 84024368</subfield><subfield code="w">(OCoLC)11250980</subfield></datafield><datafield ind1="1" ind2="7" tag="785"><subfield code="t">Evening world, the world, the New York telegram</subfield><subfield code="w">(DLC)sn 86071844</subfield><subfield code="w">(OCoLC)14116421</subfield></datafield><datafield ind1=" " ind2=" " tag="938"><subfield code="a">Kirtas Technologies, Inc.</subfield><subfield code="b">KRTS</subfield><subfield code="n">739651</subfield></datafield></record>